%1
@article{wang2018new,
  author={Wang, Shihui and Zhang, Qijian and Huang, Weihong and Tian, Hanzhang and Hu, Jianzhong and Cheng, Yongqiang and Peng, Yonghong},
  journal={IEEE Access}, 
  title={A New Smart Mobile System for Chronic Wound Care Management}, 
  year={2018},
  volume={6},
  number={},
  pages={52355-52365},
  doi={10.1109/ACCESS.2018.2864264}
}

%2
@electronic{worldhealthorganization,
	author={WorldHealthOrganization},
	title={Leading causes of death and disability 2000-2019: A visual summary},
	url = {https://www.who.int/data/stories/leading-causes-of-death-and-disability-2000-2019-a-visual-summary},
	lastchecked = {2022-08-21},
	year = {2022},
}

%3
@article{setacci2020focusing,
	title={Focusing on Diabetic Ulcers},
	author={Setacci C, Benevento D, De Donato G, Viviani E, Bracale UM, Del Guercio L, Palasciano G, Setacci F},
	journal={Transl Med UniSa},
	volume={21},
	number={3},
	pages={7-9},
	year={2020},
	PMID={32123673},
	PMCID={PMC7039261}
}

%4
@article{titus2017smartphone,
	title={A Smartphone based Wound Assessment System for Patients with Diabetes using Accelerated Mean Shift Algorithm},
  author={Titus, Anuja and Singerji, Ashwin and Raj, Deepa D},
	journal={International Journal of Information Technology \& Decision Making},
	volume={6},
	number={05},
	ISSN={2278-0181},
	year={2017},
	publisher={ijert}
}

%5
@article{khairunnisa2021pengaruh,
	title={Pengaruh Penggunaan Color Model Lab Dalam Kalibrasi Warna Luka Menggunakan Metode Segmentasi K-Means dan Mean Shift},
	author={Aprilia Khairunnisa},
	journal={},
	volume={},
	number={},
	pages={},
	year={2021},
	publisher={}
}

%6
@article{rizki2022deteksi,
	title={DETEKSI KELILING LUKA MENGGUNAKAN ACTIVE CONTOUR},
	author={Muhamad Rizki},
	year={2022}
}

%7
@InBook{aryani2018,
	author = {Ratna Aryani, Muhammad Yusro, M Eka Suryana, Imam Firmansyah},
	title = {Rancang Bangun Aplikasi Mobile Android Sebagai Alat Deteksi Warna Dasar Luka Dalam Membantu Proses Pengkajian Luka Kronis Dengan Nekrosis},
	year = {2018},
	publisher = {},
	address = {Jakarta},
	editor = {Ratna Aryani},
	month = {},
	abstract = {},
	url = {},
}

%8
@article{aryani2017autolytic,
	title={Autolytic \& Conservative Sharp Wound Debridement For Granulation Tissue on Unstageable Diabetic Foot Ulcer},
	author={Ratna Aryani, Uun Nurulhuda},
	journal={IJINNA},
	volume={1},
	number={1},
	pages={80-87},
	year={2017},
	publisher={}
}

%9
@article{aryani2016accelerating,
	title={Accelerating Wound Healing Process by Using Moist Dressing},
	author={Ratna Aryani},
	journal={},
	volume={},
	number={},
	pages={},
	year={2016},
	publisher={}
}

%10
@article{Greatrex-White2015wound,
	title={Wound assessment tools and nurses' needs: an evaluation study},
	author={Setacci C, Benevento D, De Donato G, Viviani E, Bracale UM, Del Guercio L, Palasciano G, Setacci F},
	journal={Int Wound J},
	volume={12},
	number={3},
	pages={293-301},
	year={2015},
	PMID={23711205},
	PMCID={PMC7950452},
	doi={10.1111/iwj.12100}
}

%11
@InBook{sussman2012,
	author = {Sussman, C. and Bates-Jensen, B.M.},
	title = {Wound Care: A Collaborative Practice Manual for Health Professionals},
	year = {2012},
	publisher = {Wolters Kluwer Health/ Lippincott Williams \& Wilkins},
	address = {Philadelphia},
	editor = {Carrie Sussman, Barbara M. Bates-Jensen},
	month = {},
	abstract = {},
	url = {},
	isbn={9781608317158},
  	lccn={2011027050}
}

%12
@article{rahmadati2023aplikasi,
	title={Rancang Bangun Aplikasi dan Web Service Pengkajian Luka Kronis Khususnya Modul Pengolahan Citra Berbasis Android},
	author={Salsa Rahmadati},
	journal={},
	volume={},
	number={},
	pages={},
	year={2023},
	publisher={}
}

%13
@electronic{developerandroid,
	author={DeveloperAndroid},
	title={},
	url = {https://developer.android.com/},
	lastchecked = {2023-02-16},
	year = {2023},
}

%14
@electronic{inwocna,
	author={IndonesianWoundOstomyContinenceNursesAssociation},
	title={},
	url = {https://inwocna.or.id/},
	lastchecked = {2023-03-07},
	year = {2023},
}

%15
@electronic{retrofit2023,
	author={Square},
	title={Retrofit},
	url = {https://square.github.io/retrofit/},
	lastchecked = {2023-02-16},
	year = {2023},
}